% @book{involution,
%     title={Take my Revolution for Involution},
%     author={skyleaworlder},
%     page={10-20},
%     year={2022}
% }

% @article{undergrads_inv,
%     title={后现代内卷困境的美学鉴赏},
%     author={自然卷},
%     address={河北，河南，山东},
%     publisher={内卷农业出版社},
%     year={2023},
%     edition={第三版}
% }

@misc{rombach2021highresolution,
      title={High-Resolution Image Synthesis with Latent Diffusion Models}, 
      author={Robin Rombach and Andreas Blattmann and Dominik Lorenz and Patrick Esser and Björn Ommer},
      year={2021},
      eprint={2112.10752},
      archivePrefix={arXiv},
      primaryClass={cs.CV}
}